@article{
    Mirjalili_Mirjalili_Lewis_2014,
    title={Grey Wolf Optimizer},
    volume={69},
    url={https://www.sciencedirect.com/science/article/abs/pii/S0965997813001853},
    DOI={10.1016/j.advengsoft.2013.12.007},
    journal={Advances in Engineering Software},
    author={Mirjalili, Seyedali and Mirjalili, Seyed Mohammad and Lewis, Andrew},
    year={2014},
    month={Mar},
    pages={46–61}
}
‌